@manual{inmetro2003,
	Author = {INMETRO},
	Title = {Vocabulário internacional de termos fundamentais e gerais de
	metrologia},
	Year = {2013},
	Address = {Rio de Janeiro, Brasil},
	Pages = {75},
	isbn = {85-87090-90-9},
}

@inproceedings{soviero1997,
	Author = {P. A. O. Soviero and L. G. M. Lavagna},
	Title = {A Numerical Model for Thin Airfoils in Unsteady Motion},
	Year = {1997},
	Pages = {332-340},
	Volume = {19},
	Number = {3},
	Booktitle = {Journal of the Brazilian Societyt Mechanical Sciences},
}

@inproceedings{sparrow1980,
	Author = {E. M. Sparrow},
	Title = {Forced Convection Heat Transfer in a Duct Having Spanwise-Periodic
	Rectangular Protuberances},
	Year = {1980},
	Pages = {149-167},
	Volume = {3},
	Booktitle = {Numerical Heat Transfer},
}

@article{clark1986,
	Author = {J. A. Clark},
	Title = {Private Communication},
	Year = {1986},
	Address = {University of Michigan},
}

@article{arruda2007,
	Author = {M. B. B. Arruda},
	Title = {Como fazer referências: bibliográficas, eletrônicas e demais
	formas de documentos},
	Year = {2007},
	Url = {http://bu.ufsc.br/framerefer.html}
}

@article{coimbra1978,
	Author = {A. L. Coimbra},
	Title = {Lessons of Continuum Mechanics},
	Year = {1978},
	Address = {São Paulo, Brazil},
	Pages = {428},
	Editor = {Edgard Blücher},
}

@inproceedings{bordalo1989,
	Author = {S. N. Bordalo and J. H. Ferziger and S. J. Kline},
	Title = {The Development of Zonal Models for Turbulence},
	Year = {1989},
	Pages = {41-44},
	Booktitle = {Proceedings of the 10th Brazilian Congress of Mechanical
	Engineering},
	Volume = {1},
}

@manual{NBR14724:2011,
	Address = {Rio de Janeiro},
	Date-Added = {2012-12-15 20:34:08 +0000},
	Date-Modified = {2012-12-15 20:35:25 +0000},
	Month = mar,
	Org-Short = {ABNT},
	Organization = {Associa{\c c}\~ao Brasileira de Normas T\'ecnicas},
	Pages = 15,
	Subtitle = {Informa{\c c}\~ao e documenta{\c c}\~ao --- trabalhos acad\^emicos --- apresenta{\c c}\~ao},
	Title = {{NBR} 14724},
	Year = 2011
}

@manual{NBR6034:2000,
	Address = {Rio de Janeiro},
	Org-Short = {ABNT},
	Organization = {Associa{\c c}\~ao Brasileira de Normas T\'ecnicas},
	Subtitle = {Informa{\c c}\~ao e documenta{\c c}\~ao --- Referências},
	Title = {{NBR} 14724},
	Year = 2000
}

%------------------------------------------

@inproceedings{levenshtein1966,
  title={Binary codes capable of correcting deletions, insertions and reversals},
  author={Levenshtein, Vladimir I},
  booktitle={Soviet physics doklady},
  volume={10},
  pages={707},
  year={1966}
}

@inproceedings{levenshtein1965,
  title={Binary codes with correction of drooping and insertion of the symbol 1},
  author={Levenshtein, Vladimir I},
  booktitle={Problemy Peredachi Informatsii},
  volume={1},
  pages={12-25},
  year={1965}
}


@article{damerau1964technique,
  title={A technique for computer detection and correction of spelling errors},
  author={Damerau, Fred J},
  journal={Communications of the ACM},
  volume={7},
  number={3},
  pages={171--176},
  year={1964},
  publisher={ACM}
}

@article{smith1981identification,
  title={Identification of common molecular subsequences},
  author={Smith, Temple F and Waterman, Michael S},
  journal={Journal of molecular biology},
  volume={147},
  number={1},
  pages={195--197},
  year={1981},
  publisher={Elsevier}
}

@article{needleman1970general,
  title={A general method applicable to the search for similarities in the amino acid sequence of two proteins},
  author={Needleman, Saul B and Wunsch, Christian D},
  journal={Journal of molecular biology},
  volume={48},
  number={3},
  pages={443--453},
  year={1970},
  publisher={Elsevier}
}

@manual{debian-faq,
	Org-Short = {Debian},
	Organization = {Debian GNU/Linux},
	Title = {The Debian GNU/Linux FAQ},
	Year = 2013
}

@misc{yum-howto,
  title={Yum (Yellowdog Updater, Modified) HOWTO},
  author={Brown, R and Pickard, J},
  Organization={Duke Physics},
  Year= {2003},
  url={http://www.phy.duke.edu/~rgb/General/yum_HOWTO/yum_HOWTO.pdf},
  urlaccessdate = {6 de Novembro de 2014}
}


@article{yum_article,
	title={YUM: Yellowdog Updater, Modied},
	author={Robert G. Brown},
	year=2003,
	Month = {Dezembro},
	url={http://www.phy.duke.edu/~rgb/General/yum_article/yum_article.pdf},
	urlaccessdate = {6 de Novembro de 2014}
}

@book{fusco2007linux,
  title={The Linux programmer's toolbox},
  author={Fusco, John},
  year={2007},
  publisher={Pearson Education}
}

@article{garbee2008brief,
  title={A brief history of Debian},
  author={Garbee, Bdale and Koptein, Hartmut and Lohner, Nils and Lowe, Will and Mitchell, Bill and Murdock, Ian and Schulze, Martin and Small, Craig},
  journal={the package: Debian-history},
  year={2008}
}

@manual{gentoo-doc,
	Org-Short = {Gentoo Foundation},
	Organization = {Gentoo Foundation, Inc.},
	Title = {Gentoo Linux Documentation -- Portage Features},
	Year = 2001,
	chapter=3,
	url={http://www.gentoo.org/doc/en/handbook/handbook-x86.xml?part=2&chap=3},
	urlaccessdate = {7 de Novembro de 2014},
}

@book{bailey1997maximum,
  title={Maximum RPM: Taking the red hat package manager to the limit},
  author={Bailey, Edward C},
  year={1997},
  publisher={Red Hat Software}
}

@misc{shirey2007rfc,
  title={RFC 4949--Internet Security Glossary},
  author={Shirey, R},
  year={2007},
  publisher={Version}
}

@article{ryan2010linux,
  title={Linux distribution chart},
  author={Ryan, Justin},
  journal={Linux Journal},
  volume={2010},
  number={194},
  pages={4},
  year={2010},
  publisher={Belltown Media}
}

@article{vermeulen2005gentoo,
  title={Gentoo linux x86 handbook},
  author={Vermeulen, Sven and Marples, R and Robbins, Daniel and Houser, Chris and Alexandratos, Jerry},
  journal={URL: http://www. gentoo. org/doc/en/handbook/handbook-x86. xml},
  year={2005}
}

@article{guointegrated,
  title={Integrated Embedded Solution for Vehicle Communication \& Control},
  author={Guo, Huaqun and Wu, Yongdong},
  journal={Institute for Infocomm Research, Connexis Singapore},
  year={2009}
}

@article{bretthauer2001open,
  title={Open source software: A history},
  author={Bretthauer, David},
  year={2001}
}

@book{beck2002linux,
  title={Linux Kernel Internals with Cdrom},
  author={Beck, Michael and Magnus, Robert and Kunitz, Ulrich},
  year={2002},
  publisher={Addison-Wesley Longman Publishing Co., Inc.}
}

@book{hekman1996linux,
  title={Linux in a Nutshell},
  author={Hekman, Jessica Perry and Oram, Andy},
  year={1996},
  publisher={O'Reilly \& Associates, Inc.}
}

@article{xu2013bit,
  title={Bit-Parallel Multiple Approximate String Matching based on GPU},
  author={Xu, Kefu and Cui, Wenke and Hu, Yue and Guo, Li},
  journal={Procedia Computer Science},
  volume={17},
  pages={523--529},
  year={2013},
  publisher={Elsevier}
}

@article{galil1988data,
  title={Data structures and algorithms for approximate string matching},
  author={Galil, Zvi and Giancarlo, Raffaele},
  journal={Journal of Complexity},
  volume={4},
  number={1},
  pages={33--72},
  year={1988},
  publisher={Elsevier}
}

%% Dar uma conferida neste artigo
@article{boyer1977fast,
  title={A fast string searching algorithm},
  author={Boyer, Robert S and Moore, J Strother},
  journal={Communications of the ACM},
  volume={20},
  number={10},
  pages={762--772},
  year={1977},
  publisher={ACM}
}

@online{apt-rpm,
  author = {APT-RPM},
  title = {apt-rpm.org},
  year = 2010,
  url = {http://apt-rpm.org/about.shtml},
  urlaccessdate = {\today}
}

@online{python-apt,
  author = {APT-RPM},
  title = {Python APT},
  year = 2010,
  url = {https://apt.alioth.debian.org/python-apt-doc/index.html#},
  urlaccessdate = {\today}
}